<collection xmlns="http://www.loc.gov/MARC21/slim">
<record>
  <leader>02192nam0a22003851i 450 </leader>
  <controlfield tag="001">IT\ICCU\CNCE\048089</controlfield>
  <controlfield tag="005">20110722000000.0</controlfield>
  <datafield tag="012" ind1=" " ind2=" ">
    <subfield code="a">o.te o,co e.me HaLu (3) 1544 (R)</subfield>
    <subfield code="2">fei</subfield>
  </datafield>
  <datafield tag="100" ind1=" " ind2=" ">
    <subfield code="a">19990315d1544        0itac0103    ba</subfield>
  </datafield>
  <datafield tag="101" ind1=" " ind2=" ">
    <subfield code="a">ITA</subfield>
  </datafield>
  <datafield tag="102" ind1=" " ind2=" ">
    <subfield code="a">IT</subfield>
  </datafield>
  <datafield tag="200" ind1="1" ind2=" ">
    <subfield code="a">℗Di m. Antonio Tibaldeo ferrarese l&apos;℗opere d&apos;amore, con le sue stanze nuouamente aggiunte, reuiste, &amp; con ogni diligenza corrette, &amp; ristampate</subfield>
  </datafield>
  <datafield tag="210" ind1=" " ind2=" ">
    <subfield code="a">In Vinegia</subfield>
    <subfield code="c">\Bartolomeo e Francesco Imperatore!</subfield>
    <subfield code="d">1544</subfield>
    <subfield code="e">In Vinegia</subfield>
    <subfield code="g">per Bartolomeo detto l&apos;Imperador</subfield>
    <subfield code="h">e Francesco Vinetiano</subfield>
    <subfield code="h">1564 \i.e. 1544!</subfield>
  </datafield>
  <datafield tag="215" ind1=" " ind2=" ">
    <subfield code="a">\136! c.</subfield>
    <subfield code="d">8ʻ</subfield>
  </datafield>
  <datafield tag="620" ind1=" " ind2=" ">
    <subfield code="a">IT</subfield>
    <subfield code="d">Venezia</subfield>
  </datafield>
  <datafield tag="700" ind1=" " ind2="1">
    <subfield code="a">Tebaldeo,</subfield>
    <subfield code="b">Antonio</subfield>
    <subfield code="3">IT\ICCU\CNCA\013357</subfield>
  </datafield>
  <datafield tag="712" ind1="0" ind2="0">
    <subfield code="a">Imperatore, Bartolomeo &amp; Imperatore, Francesco</subfield>
    <subfield code="3">IT\ICCU\CNCT\000691</subfield>
    <subfield code="4">650</subfield>
  </datafield>
  <datafield tag="790" ind1=" " ind2="1">
    <subfield code="a">Thebaldeus,</subfield>
    <subfield code="b">Antonius</subfield>
    <subfield code="3">IT\ICCU\CNCA\015605</subfield>
    <subfield code="z">Tebaldeo, Antonio</subfield>
  </datafield>
  <datafield tag="801" ind1=" " ind2="3">
    <subfield code="a">IT</subfield>
    <subfield code="b">ICCU</subfield>
    <subfield code="c">20201115</subfield>
  </datafield>
  <datafield tag="899" ind1=" " ind2=" ">
    <subfield code="a">Biblioteca civica Giovanni Canna. Casale Monferrato</subfield>
    <subfield code="z">MUTILO</subfield>
    <subfield code="1">AL0114</subfield>
    <subfield code="2">TO0 49</subfield>
  </datafield>
  <datafield tag="899" ind1=" " ind2=" ">
    <subfield code="a">Biblioteca di Casa Carducci. Bologna</subfield>
    <subfield code="1">BO0283</subfield>
    <subfield code="2">UBO GC</subfield>
  </datafield>
  <datafield tag="899" ind1=" " ind2=" ">
    <subfield code="a">Biblioteca Apostolica Vaticana. Citt ̉del Vaticano</subfield>
    <subfield code="1">EX0001</subfield>
    <subfield code="2">ZCV 01</subfield>
  </datafield>
  <datafield tag="899" ind1=" " ind2=" ">
    <subfield code="a">Biblioteca comunale Ariostea. Ferrara</subfield>
    <subfield code="z">MUTILO</subfield>
    <subfield code="1">FE0017</subfield>
    <subfield code="2">UFE AR</subfield>
  </datafield>
  <datafield tag="899" ind1=" " ind2=" ">
    <subfield code="a">Biblioteca nazionale centrale. Firenze</subfield>
    <subfield code="1">FI0098</subfield>
    <subfield code="2">CFI CF</subfield>
  </datafield>
  <datafield tag="899" ind1=" " ind2=" ">
    <subfield code="a">Biblioteca Marucelliana. Firenze</subfield>
    <subfield code="1">FI0101</subfield>
    <subfield code="2">CFI MF</subfield>
  </datafield>
  <datafield tag="899" ind1=" " ind2=" ">
    <subfield code="a">Biblioteca Palatina. Parma</subfield>
    <subfield code="1">PR0072</subfield>
    <subfield code="2">PAR PA</subfield>
  </datafield>
  <datafield tag="899" ind1=" " ind2=" ">
    <subfield code="a">Biblioteca universitaria. Pavia</subfield>
    <subfield code="1">PV0291</subfield>
    <subfield code="2">MIL UP</subfield>
  </datafield>
  <datafield tag="899" ind1=" " ind2=" ">
    <subfield code="a">Biblioteca nazionale centrale. Roma</subfield>
    <subfield code="1">RM0267</subfield>
    <subfield code="2">BVE CR</subfield>
  </datafield>
  <datafield tag="899" ind1=" " ind2=" ">
    <subfield code="a">Biblioteca dell&apos;Accademia nazionale dei Lincei e Corsiniana. Roma</subfield>
    <subfield code="1">RM0418</subfield>
    <subfield code="2">RML 10</subfield>
  </datafield>
  <datafield tag="899" ind1=" " ind2=" ">
    <subfield code="a">Biblioteca nazionale universitaria. Torino</subfield>
    <subfield code="1">TO0265</subfield>
    <subfield code="2">TO0 02</subfield>
  </datafield>
  <datafield tag="899" ind1=" " ind2=" ">
    <subfield code="a">Biblioteca Arcivescovile. Udine</subfield>
    <subfield code="1">UD0100</subfield>
    <subfield code="2">ZUD 11</subfield>
  </datafield>
  <datafield tag="899" ind1=" " ind2=" ">
    <subfield code="a">Biblioteca nazionale Marciana. Venezia</subfield>
    <subfield code="1">VE0049</subfield>
    <subfield code="2">VEA BM</subfield>
  </datafield>
  <datafield tag="899" ind1=" " ind2=" ">
    <subfield code="a">Biblioteca civica. Verona</subfield>
    <subfield code="1">VR0059</subfield>
    <subfield code="2">ZVR 02</subfield>
  </datafield>
  <datafield tag="911" ind1=" " ind2=" ">
    <subfield code="a">Sul front.</subfield>
    <subfield code="9">IT\ICCU\CNCM\000284</subfield>
  </datafield>
  <datafield tag="921" ind1=" " ind2=" ">
    <subfield code="a">IT\ICCU\CNCM\000284</subfield>
    <subfield code="b">Imperatore romano, col piede destro sul globo, tiene con la mano destra uno scudo, con la sinistra un vessillo con le iniziali S.P.Q.R. A destra un&apos;aquila</subfield>
    <subfield code="c">V268</subfield>
    <subfield code="c">Z736</subfield>
    <subfield code="d">Dimensioni: 4,5 x 8</subfield>
    <subfield code="f">IMPERATORE</subfield>
    <subfield code="f">ROMANO</subfield>
    <subfield code="f">SPQR</subfield>
    <subfield code="g">1544-1554</subfield>
  </datafield>
</record>
</collection>
